%% This BibTeX bibliography file was created using BibDesk.
%% https://bibdesk.sourceforge.io/

%% Created for Andres Baumeler at 2023-06-24 18:39:05 +0200 


%% Saved with string encoding Unicode (UTF-8) 



@webpage{pdfhist,
	date-added = {2023-06-24 18:38:46 +0200},
	date-modified = {2023-06-24 18:39:05 +0200},
	lastchecked = {24.06.2023},
	month = {06},
	url = {https://en.wikipedia.org/wiki/History_of_PDF},
	year = {2023}}

@techreport{lzaschweiz,
	author = {Daniel Burda and Angelina Dungga Winterleitner and Beat Estermann},
	date-added = {2023-06-24 18:24:32 +0200},
	date-modified = {2023-06-24 18:30:28 +0200},
	institution = {Berner Fachhochschule},
	month = {09},
	title = {Digitale Langzeitarchivierung in der Schweiz},
	year = {2017}}

@webpage{pdfaorgsponsored,
	date-added = {2023-06-24 18:10:15 +0200},
	date-modified = {2023-06-24 18:10:36 +0200},
	lastchecked = {24.06.2023},
	month = {06},
	url = {https://pdfa.org/sponsored-standards/},
	year = {2023}}

@article{Arms2005DigitalFF,
	author = {Caroline R. Arms and Carl Fleischhauer},
	date-added = {2023-06-24 18:05:07 +0200},
	date-modified = {2023-06-24 18:05:07 +0200},
	journal = {Archiving Conference},
	title = {Digital Formats: Factors for Sustainability, Functionality, and Quality},
	year = {2005}}

@webpage{adobepdf,
	date-added = {2023-06-24 18:03:34 +0200},
	date-modified = {2023-06-24 18:03:52 +0200},
	lastchecked = {24.06.2023},
	month = {06},
	url = {https://www.adobe.com/ch_de/acrobat/about-adobe-pdf.html},
	year = {2023}}

@techreport{ISO19005,
	address = {Geneva, CH},
	date-added = {2023-06-24 18:00:56 +0200},
	date-modified = {2023-06-24 18:02:15 +0200},
	institution = {International Organization for Standardization},
	key = {ISO 19005-1:2005},
	month = nov,
	title = {{Document management --- Electronic document file format for long-term preservation --- Part 1: Use of PDF 1.4 (PDF/A-1)}},
	type = {Standard},
	year = {2005}}

@webpage{pdfaorigin,
	date-added = {2023-06-24 17:57:02 +0200},
	date-modified = {2023-06-24 17:57:26 +0200},
	lastchecked = {24.06.2023},
	month = {06},
	url = {https://www.pdf-tools.com/de/pdf-knowledge/history-origin-format-pdfa/},
	year = {2023},
	bdsk-url-1 = {https://www.pdf-tools.com/de/pdf-knowledge/history-origin-format-pdfa/}}

@webpage{pdfprimer,
	date-added = {2023-06-24 17:48:13 +0200},
	date-modified = {2023-06-24 17:48:42 +0200},
	lastchecked = {24.06.2023},
	month = {06},
	url = {https://github.com/DataCurationNetwork/data-primers/blob/master/PDF%20Data%20Curation%20Primer/PDF-data-curation-primer.md},
	year = {2023},
	bdsk-url-1 = {https://github.com/DataCurationNetwork/data-primers/blob/master/PDF%20Data%20Curation%20Primer/PDF-data-curation-primer.md}}

@webpage{pdftools,
	date-added = {2023-06-24 17:46:32 +0200},
	date-modified = {2023-06-24 17:47:17 +0200},
	lastchecked = {24.06.2023},
	month = {06},
	url = {https://www.pdf-tools.com/de/pdf-knowledge/all-about-pdf-a-long-term-archiving/},
	year = {2023},
	bdsk-url-1 = {https://www.pdf-tools.com/de/pdf-knowledge/all-about-pdf-a-long-term-archiving/}}

@techreport{ISO32000,
	address = {Geneva, CH},
	date-modified = {2023-06-24 17:55:30 +0200},
	institution = {International Organization for Standardization},
	key = {ISO 32000-1:2008},
	month = mar,
	title = {{Document management --- Portable document format --- Part 1: PDF 1.7}},
	type = {Standard},
	year = {2008}}
