@techreport{rmprinzipien,
author = {Kampffmeyer, Ulrich} ,
title = {Records Management: Prinzipien, Standarts und Trends},
institution = {PROJECT CONSULT Unternehmensberatung},
year = {2012}
}

@techreport{ISO15489,
author = {-},
type = {Standard},
key = {ISO 15489-1:2001},
month = sep,
year = {2009},
title = {{ISO 15489-1:2001 Information and documentation - records management}},
volume = {2000},
institution = {International Organization for Standardization (ISO)}
}